<?xml version="1.0" encoding="UTF-8"?><collection xmlns="http://www.loc.gov/MARC21/slim"><record><leader>00641nam--2200193-i-4500</leader><controlfield tag="001">000007709</controlfield><controlfield tag="002">20161230</controlfield><controlfield tag="005">20161230201027</controlfield><controlfield tag="008">060222s1000------------r-----000-0-eng-d</controlfield><datafield ind1=" " ind2=" " tag="040"><subfield code="a">IFIN-HH</subfield></datafield><datafield ind1=" " ind2=" " tag="080"><subfield code="a">519.24:006.4</subfield></datafield><datafield ind1="1" ind2=" " tag="100"><subfield code="a">Clelland, Richard</subfield></datafield><datafield ind1="1" ind2="0" tag="245"><subfield code="a">Basic statistics with business applications</subfield><subfield code="c">Richard c. clelland, john s. decani, francis e. brown, j.parker bursk, donald s. murray</subfield></datafield><datafield ind1=" " ind2=" " tag="260"><subfield code="a">New York</subfield><subfield code="b">John Wiley &amp; Sons, Inc</subfield><subfield code="c">1966</subfield></datafield><datafield ind1=" " ind2=" " tag="300"><subfield code="a">XVI + 708 P</subfield></datafield><datafield ind1=" " ind2=" " tag="490"><subfield code="a">Wiley Series In Probability And Mathematical Statistics</subfield></datafield><datafield ind1="1" ind2=" " tag="700"><subfield code="a">Murray, Donald S</subfield></datafield><datafield ind1=" " ind2=" " tag="852"><subfield code="a">24464</subfield><subfield code="c">519.24</subfield></datafield><datafield ind1=" " ind2=" " tag="CAT"><subfield code="a">Sys</subfield><subfield code="c">20130802</subfield><subfield code="h">151306</subfield></datafield></record></collection>